<?xml version="1.0" encoding="UTF-8"?><collection xmlns="http://www.loc.gov/MARC21/slim"><record><leader>00394nam--2200133-i-4500</leader><controlfield tag="001">000047832</controlfield><controlfield tag="002">20161230</controlfield><controlfield tag="005">20161230201046</controlfield><controlfield tag="008">060222s1000------------r-----000-0-eng-d</controlfield><datafield ind1=" " ind2=" " tag="080"><subfield code="a">539.199.538.911:548.5:532.785</subfield></datafield><datafield ind1=" " ind2=" " tag="100"><subfield code="a">Wunderlich, Bernharad</subfield></datafield><datafield ind1=" " ind2=" " tag="245"><subfield code="a">Macromolecular physics. vol.1. crystal structure, morphology, defects</subfield></datafield><datafield ind1=" " ind2=" " tag="260"><subfield code="a">New York, Academic Press, 1976, 549p</subfield></datafield><datafield ind1=" " ind2=" " tag="852"><subfield code="a">45353</subfield></datafield></record></collection>